@online{Skaar2021,
   author = {Johannes Skaar},
   journal = {2021},
   title = {Magnetoresistans},
   url = {https://snl.no/magnetoresistans},
}
@online{Pozyx,
   author = {Pozyx},
   title = {Pozyx},
   url = {https://docs.pozyx.io/creator/Hardware-setup.1189118190.html},
}
@online{Ormestad,
   author = {Helmut Ormestad and Tone Braadland and Trygve Husebye and Holtebekk},
   title = {Store norske leksikon, Barometer},
   url = {https://snl.no/barometer},
}
@online{Mearian2019,
   author = {Lucas Mearian},
   title = {Computerworld},
   url = {https://www.computerworld.com/article/3490037/ultra-wideband-explained-and-why-its-in-the-iphone-11.html},
   year = {2019},
}
@online{Mackay2016,
   author = {Randy Mackay},
   journal = {2016},
   title = {GitHub},
   url = {https://github.com/ArduPilot/ardupilot/blob/master/Tools/Pozyx/IndoorLoiter/IndoorLoiter.ino},
}
@online{Keim2015,
   author = {Robert Keim},
   title = {Understanding and Applying the Hall Effect, All about circuits},
   url = {https://www.allaboutcircuits.com/technical-articles/understanding-and-applying-the-hall-effect/},
   year = {2015},
}
@article{Høksnes2022,
   author = {Håkon Skau Høksnes},
   title = {Rapport fra praksis hos Kongsberg Maritime},
   year = {2022},
}
@online{Gron2021piezo,
   author = {Øyvind Grøn and Jakob Sandstad},
   title = {Piezoelektrisitet},
   url = {https://snl.no/piezoelektrisitet},
   year = {2021},
}
@online{Gron2021coriolis,
   author = {Øyvind Grøn},
   title = {Coriolisakselerasjonen},
   url = {https://snl.no/coriolisakselerasjonen},
   year = {2021},
}
@online{Gellein2007,
   author = {Jomar Gellein},
   title = {Aeromagnetisk anomalikart, Tromsø},
   url = {https://www.ngu.no/sokkelkart/Tromsoe_Magnetometri.pdf},
   year = {2007},
}
@online{Forsell,
   author = {Børje Forsell and Norvald Kjerstad},
   title = {Store norske leksikon, GPS},
   url = {https://snl.no/GPS},
}
@article{ForsellGNSS,
   author = {Børje Forsell and Norvald Kjerstad},
   title = {Store norske leksikon GNSS},
   url = {https://snl.no/GNSS},
}
@online{DJI,
   author = {DJI},
   title = {DJI Store},
   url = {https://store.dji.com/product/mavic-air-2?vid=91071},
}
@online{Dejan2019,
   author = {Dejan},
   title = {howtomechatronics},
   url = {https://howtomechatronics.com/how-it-works/how-brushless-motor-and-esc-work/},
   year = {2019},
}
@online{Corrigan2020,
   author = {Fintan Corrigan},
   title = {Dronezon},
   url = {https://www.dronezon.com/learn-about-drones-quadcopters/how-a-quadcopter-works-with-propellers-and-motors-direction-design-explained/},
   year = {2020},
}
@article{Balchen2000,
   author = {Jehns Balchen and Trond Andersen and Bjarne A Foss},
   title = {Reguleringsteknikk},
   year = {2000},
}
@online{Auawise,
   author = {Auawise},
   title = {Wikipedia},
   url = {https://en.wikipedia.org/wiki/Aircraft_principal_axes#/media/File:Yaw_Axis_Corrected.svg},
}
@online{Ardupilot2021,
   author = {Ardupilot},
   title = {Ardupilot},
   url = {https://ardupilot.org/copter/docs/common-thecube-overview.html},
   year = {2021},
}
@online{ArduinoIntroduction,
   author = {Arduino},
   title = {Arduino},
   url = {https://www.arduino.cc/en/Guide/Introduction},
}
@online{ArduinoNano,
   author = {Arduino},
   title = {Arduino},
   url = {https://store.arduino.cc/products/arduino-nano},
   year = {2016}
}
@online{Andresen,
   author = {Geir Andresen},
   title = {Akselerometer},
   url = {https://snl.no/akselerometer},
}
@online{ROHM,
   author = {ROHM},
   title = {What is a geomagnetic sensor},
   url = {https://www.rohm.com/electronics-basics/sensor/geomagnetic-sensor},
}
@online{IncEncyclopediaBritannica,
   author = {Inc Encyclopedia Britannica},
   title = {North Magnetic Pole},
   url = {https://www.britannica.com/science/North-Magnetic-Pole},
}
@online{LevelDevelopments2020,
   author = {Level Developments},
   title = {MEMS Accelerometer},
   url = {https://www.leveldevelopments.com/2020/10/what-are-inclinometers/mems-accelerometer/},
}
@online{Kartverket,
   author = {Kartverket},
   title = {Magnetisk misvisning},
   url = {https://www.kartverket.no/til-lands/kart/turkart/magnetisk-misvisning},
}
@online{NorskRomsenter,
   author = {Norsk Romsenter},
   title = {Hva du bør vite om satellittnavigasjon},
   url = {https://www.romsenter.no/no/Fagomraader/Satellittnavigasjon/Hva-du-boer-vite-om-satellittnavigasjon2},
}
@online{Tallysman,
   author = {Tallysman},
   title = {GNSS Positioning Techniques},
   url = {https://www.tallysman.com/gnss-positioning-techniques/},
}
@online{Bosch,
   author = {Bosch},
   title = {Data dwarfs make the world go round},
   url = {https://www.bosch.com/stories/bosch-mems-sensor-applications/},
}
@online{TEConnectivity2021,
   author = {TE Connectivity},
   journal = {2021},
   title = {AccelerometerTypes},
   url = {https://www.te.com/usa-en/industries/sensor-solutions/insights/types-of-accelerometers.html?te_bu=Sen&te_type=srch&te_campaign=ggl_glo_sen-ggl-global-srch-accelerometer-types_sma-2331_5&elqCampaignId=122376&gclid=CjwKCAjwuYWSBhByEiwAKd_n_gJDPwY6nmCYqyQr_b},
}
@online{ArdupilotDevTeam,
   author = {Ardupilot Dev Team},
   title = {Ardupilot.org},
   url = {https://ardupilot.org/copter/docs/common-apm-navigation-extended-kalman-filter-overview.html},
}
