@ARTICLE{Figueredo:2009dg,
   author = {Figueredo, A.~J. and Wolf, P. S.~A.},
   title = {Assortative pairing and life history strategy - a cross-cultural study.},
   journal = {Human Nature},
   volume = {20},
   pages = {317-330},
   year = {2009},
}
@web_page{Skaar:2021dg,
   author = {Johannes Skaar},
   journal = {2021},
   title = {Magnetoresistans},
   url = {https://snl.no/magnetoresistans},
}